
@INPROCEEDINGS{ChanWang:functional_modules, 
author={Gang Chen and Jianxin Wang}, 
booktitle={Bioinformatics and Biomedicine Workshops (BIBMW), 2012 IEEE International Conference on}, 
title={Identifying functional modules in tissue specific protein interaction network}, 
year={2012}, 
pages={581-586}, 
keywords={biochemistry;biological tissues;biology computing;genetics;genomics;molecular biophysics;proteins;CFinder clustering algorithm;GO enrichment analysis;cell cycle;computational biologists;network-based identification;original PPI network;protein functional modules;static protein interaction network;tissue specific gene expression data;topological analysis;virtual tissue specific protein interaction network;Biological tissues;Clustering algorithms;Gene expression;Humans;Protein engineering;Proteins;Biological Network;Clustering;Protein Interaction;Tissue Specificity}, 
doi={10.1109/BIBMW.2012.6470204},}
